@book{coronel:datasystems,
	author		= {Carlos Coronel and Steven Morris and Peter Rob},
	title		= {Database Systems: Design, Implementation, and Management},
	publisher	= {Course Technology},
	date		= {2009-11-23},
	location	= {Boston, MA},
	language	= {english},
	edition		= {9},
	isbn		= {0-538-74884-2},
	hyphenation	= {english}
}

@book{elmasri:fundamentals,
	author		= {Ramez A. Elmasri and Shamkant B. Navathe},
	title		= {Fundamentals of Database Systems},
	publisher	= {Addison-Wesley},
	date		= {2010-04-09},
	location	= {Boston, MA},
	language	= {english},
	edition		= {6},
	isbn		= {0-136-08620-9},
	hyphenation	= {english}
}